@article{Mess,
  title={Lorentz spacetimes of constant curvature},
  author={Mess, Geoffrey},
  journal={arXiv preprint arXiv:0706.1570},
  year={2007}
}

@misc{bonsanteseppi,
      title={Anti-de Sitter geometry and Teichm\"uller theory}, 
      author={Francesco Bonsante and Andrea Seppi},
      year={2020},
      eprint={2004.14414},
      archivePrefix={arXiv},
      primaryClass={math.GT}
}